<?xml version="1.0" encoding="UTF-8"?><collection xmlns="http://www.loc.gov/MARC21/slim"><record><leader>00527nam--2200181-i-4500</leader><controlfield tag="001">000047589</controlfield><controlfield tag="002">20161230</controlfield><controlfield tag="005">20161230201046</controlfield><controlfield tag="008">060222s1000------------r-----000-0-eng-d</controlfield><datafield ind1=" " ind2=" " tag="040"><subfield code="a">IFIN-HH</subfield></datafield><datafield ind1=" " ind2=" " tag="080"><subfield code="a">535.41</subfield></datafield><datafield ind1="1" ind2=" " tag="100"><subfield code="a">Williams, Ewart E</subfield></datafield><datafield ind1="1" ind2="0" tag="245"><subfield code="a">Applications of interferometry</subfield><subfield code="b">With a preface by o.w.richardson</subfield><subfield code="c">Ewart w. williams</subfield></datafield><datafield ind1=" " ind2=" " tag="260"><subfield code="a">London</subfield><subfield code="b">Methuen &amp; Co. Ltd</subfield><subfield code="c">1954</subfield></datafield><datafield ind1=" " ind2=" " tag="300"><subfield code="a">VIII+104P</subfield></datafield><datafield ind1=" " ind2=" " tag="490"><subfield code="a">Methuen'S Monographs On Physical Subjects</subfield></datafield><datafield ind1=" " ind2=" " tag="852"><subfield code="a">10859</subfield><subfield code="c">535</subfield></datafield><datafield ind1=" " ind2=" " tag="CAT"><subfield code="a">Sys</subfield><subfield code="c">20101018</subfield><subfield code="h">135453</subfield></datafield></record></collection>